<record><leader>00000cas a22000007a 4500</leader><controlfield tag="001">14879155</controlfield><controlfield tag="008">861126d19021905pauwr ne      0    0eng d</controlfield><datafield ind1=" " ind2=" " tag="010"><subfield code="a">sn 86082047 </subfield></datafield><datafield ind1=" " ind2=" " tag="040"><subfield code="a">NPH</subfield><subfield code="b">eng</subfield><subfield code="c">NPH</subfield><subfield code="d">OCLCQ</subfield></datafield><datafield ind1=" " ind2=" " tag="042"><subfield code="a">msc</subfield></datafield><datafield ind1="0" ind2="4" tag="245"><subfield code="a">The Rockwood gazette.</subfield></datafield><datafield ind1=" " ind2=" " tag="260"><subfield code="a">Rockwood, Pa. :</subfield><subfield code="b">Charles F. Overcracker</subfield></datafield><datafield ind1=" " ind2=" " tag="300"><subfield code="a">v. ;</subfield><subfield code="c">66 cm.</subfield></datafield><datafield ind1=" " ind2=" " tag="310"><subfield code="a">Weekly</subfield></datafield><datafield ind1="1" ind2=" " tag="362"><subfield code="a">Began in Aug. 1902.</subfield><subfield code="z">Cf. Rossell, G. Pa. newspapers.</subfield></datafield><datafield ind1="1" ind2=" " tag="362"><subfield code="a">Ceased in 1905.</subfield><subfield code="z">Cf. Blackburn, E.H. Bedford and Somerset Counties.</subfield></datafield><datafield ind1=" " ind2=" " tag="500"><subfield code="a">Published every Saturday.</subfield></datafield><datafield ind1=" " ind2=" " tag="588"><subfield code="a">Description based on: Vol. 1, no. 16 (Nov. 29, 1902).</subfield></datafield><datafield ind1=" " ind2=" " tag="752"><subfield code="a">United States</subfield><subfield code="b">Pennsylvania</subfield><subfield code="c">Somerset</subfield><subfield code="d">Rockwood.</subfield></datafield><datafield ind1="0" ind2="0" tag="780"><subfield code="t">Rockwood leader</subfield><subfield code="w">(DLC)sn 86082048</subfield></datafield></record>